@book{SiegwartNourbakhshEtAl2011,
    title={Introduction to Autonomous Mobile Robots},
    author={Siegwart, R. and Nourbakhsh, I. R. and Scaramuzza, D.},
    year={2011},
    publisher={MIT Press},
}

@book{Joseph2018,
    Author = {Joseph, L.},
    Title = {Robot Operating System (ROS) for Absolute Beginners: Robotics Programming Made Easy},
    Publisher = {Apress},
    Year = {2018},
}

@book{QuigleyGerkeyEtAl2015,
    Author = {Quigley, M. and Gerkey, B. and Smart, W. D.},
    Title = {Programming Robots with {ROS}: A Practical Introduction to the Robot Operating System},
    Publisher = {O'Reilly Media},
    Year = {2015},
}

@book{Kirk2004,
    Author = {Kirk, D. E.},
    Title = {Optimal Control Theory: An Introduction},
    Publisher = {Dover Publications},
    Year = {2004},
}

@book{Murray2009,
	title = {Optimization-{Based} {Control}},
	author = {Murray, R. M.},
    year = {2009},
    publisher = {California Institute of Technology},
}

@book{SlotineLi1991,
    Author = {Slotine, J.-J. E. and Li, W.},
    Title = {Applied Nonlinear Control},
    Publisher = {Pearson},
    Year = {1991},
}

@book{Levine2009,
    Author = {Levine, J.},
    Title = {Analysis and Control of Nonlinear Systems: A Flatness-based Approach},
    Publisher = {Springer},
    Year = {2009},
}

@article{AicardiCasalinoEtAl1995,
    title = {Closed loop steering of unicycle like vehicles via Lyapunov techniques},
    author = {Aicardi, M. and Casalino, G. and Bicchi, A. and Balestrino, A.},
    journal = {IEEE Robotics \& Automation Magazine},
    volume = {2},
    number = {1},
    pages = {27--35},
    year = {1995},
}

@book{BoydVandenberghe2004,
    title = {Convex optimization},
    author = {Boyd, S. and Vandenberghe, L.},
    year = {2004},
    publisher = {Cambridge University Press}
}

@article{AscherRussel1981,
    title = {Reformulation of boundary value problems into “standard” form},
    author = {Ascher, U. and Russell, R. D.},
    journal = {SIAM Review},
    volume = {23},
    number = {2},
    pages = {238--254},
    year = {1981},
}

@book{LaValle2006,
    author = {LaValle, S. M.},
    title = {Planning Algorithms},
    publisher = {Cambridge University Press},
    address = {Cambridge, U.K.},
    year = {2006}
}

@article{KavrakiSvestkaEtAl1996,
    author = {{Kavraki}, L. E. and {Svestka}, P. and J.-C. {Latombe} and {Overmars}, M. H.},
    journal = {IEEE Transactions on Robotics and Automation}, 
    title = {Probabilistic roadmaps for path planning in high-dimensional configuration spaces}, 
    year = {1996},
    volume = {12},
    number = {4},
    pages = {566--580},
}

@misc{LaValle1998,
    author = {LaValle, S. M.},
    title = {Rapidly-Exploring Random Trees: A New Tool for Path Planning},
    institution = {},
    year = {1998},
}

@article{KaramanFrazzoli2011,
    author = {Karaman, S. and Frazzoli, E.},
    title = {Sampling-based Algorithms for Optimal Motion Planning},
    journal = {Int. Journal of Robotics Research},
    volume = {30},
    number = {7},
    pages = {846--894},
    year = {2011},
}

@article{JansonSchmerlingEtAl2015,
    author = {Janson, L. and Schmerling, E. and Clark, A. and Pavone, M.},
    title = {{Fast} {Marching} {Tree:} A Fast Marching Sampling-Based Method for Optimal Motion Planning in Many Dimensions},
    journal = {{Int. Journal of Robotics Research}},
    volume = {34},
    number = {7},
    pages = {883--921},
    year = {2015},
}

@inproceedings{SchmerlingJansonEtAl2015,
    title = {Optimal sampling-based motion planning under differential constraints: the driftless case},
    author = {Schmerling, E. and Janson, L. and Pavone, M.},
    booktitle = {IEEE International Conference on Robotics and Automation},
    pages = {2368--2375},
    year = {2015},
}

@inbook{DudekJenkin2008,
    author = {Dudek, G. and Jenkin, M.},
    title = {Inertial Sensors, GPS, and Odometry},
    booktitle = {Springer Handbook of Robotics},
    year = {2008},
    publisher = {Springer},
    pages = {477--490},
}

@incollection{HartleyZisserman2002,
    title = {Camera Models},
    author = {Hartley, R. and Zisserman, A.},
    booktitle = {Multiple View Geometry in Computer Vision},
    year = {2002},
    publisher = {Academic Press}
}

@article{Tsai1987,
    title = {A Versatile Camera Calibration Technique for High-accuracy 3D Machine Vision Metrology Using Off-the-shelf TV Cameras and Lenses},
    author = {Tsai, R.},
    journal = {IEEE Journal on Robotics and Automation},
    volume = {3},
    number = {4},
    pages = {323--344},
    year = {1987},
}

@article{Bradski2000,
    author = {Bradski, G.},
    journal = {Dr. Dobb's Journal of Software Tools},
    title = {{The OpenCV Library}},
    year = {2000}
}

@article{Zhang2000,
    title = {A Flexible New Technique for Camera Calibration},
    author = {Zhang, Z.},
    journal = {IEEE Transactions on Pattern Analysis and Machine Intelligence},
    volume = {22},
    year = {2000}
}

@article{Fusiello2000,
    author = {Fusiello, A. and Trucco, E. and Verri, A.},
    title = {A compact algorithm for rectification of stereo pairs},
    journal = {Machine Vision and Applications},
    year = {2000},
    volume = {12},
    number = {1},
    pages = {16--22},
}

@inproceedings{LoopZhang1999,
    title = {Computing rectifying homographies for stereo vision},
    author = {Loop, C. and Zhang, Z.},
    booktitle = {IEEE Computer Society Conference on Computer Vision and Pattern Recognition},
    volume = {1},
    pages = {125--131},
    year = {1999},
}

@inproceedings{ScharsteinSzeliski2003,
    title = {High-accuracy stereo depth maps using structured light},
    author = {Scharstein, D. and Szeliski, R.},
    booktitle = {IEEE Computer Society Conference on Computer Vision and Pattern Recognition},
    volume = {1},
    year = {2003},
}

@inproceedings{Harris1988,
    author = {Harris, C. and  Stephens, M.},
    booktitle = {4th Alvey Vision Conference},
    title = {A combined corner and edge detector},
    year = {1988},
}

@inproceedings{Moravec1977,
    author = {Moravec, H. P.},
    booktitle = {5th International Joint Conference on Artificial Intelligence},
    title = {Towards automatic visual obstacle avoidance},
    year = {1977},
}

@article{PerveenKumarEtAl2013,
    title = {An overview on template matching methodologies and its applications},
    author = {Perveen, N. and Kumar, D. and Bhardwaj, I.},
    journal = {International Journal of Research in Computer and Communication Technology},
    volume = {2},
    number = {10},
    pages = {988--995},
    year = {2013}
}

@book{Szeliski2010,
    title = {Computer vision: algorithms and applications},
    author = {Szeliski, R.},
    year = {2010},
    publisher = {Springer Science \& Business Media}
}

@book{ThrunBurgardEtAl2005,
    title = {Probabilistic Robotics},
    author = {Thrun, S. and Burgard, W. and Fox, D.},
    year = {2005},
    publisher = {MIT Press}
}

@book{Gustafsson2010,
    author = {Gustafsson, F.},
    publisher = {Studentlitteratur},
    pages = {532},
    title = {Statistical Sensor Fusion},
    year = {2010}
}

@book{Simon2006,
    title = {Optimal State Estimation: Kalman, $H_ \infty$, and Nonlinear Approaches},
    author = {Simon, D.},
    year = {2006},
    publisher = {John Wiley \& Sons}
}

@misc{KaelblingWhiteEtAl2011,
    author = {Kaelbling, L. and White, J. and Abelson, H. and Freeman, D. and Lozano-P\'{e}rez, T. and Chuang, I.},
    title = {{6.01SC: Introduction to Electrical Engineering and Computer Science I}},
    year = {2011},
    note = {MIT OpenCourseWare}
}

@book{Bertsekas2019,
    title = {Reinforcement learning and optimal control},
    author = {Bertsekas, D.},
    year = {2019},
    publisher = {Athena Scientific}
}

@book{SuttonBarto2018,
    title = {Reinforcement learning: An introduction},
    author = {Sutton, R. and Barto, A.},
    year = {2018},
    publisher = {MIT Press}
}

@book{HastieTibshiraniEtAl2017,
    Author = {Hastie, T. and Tibshirani, R. and Friedman, J.},
    Title = {The elements of statistical learning: data mining, inference, and prediction},
    Publisher = {Springer},
    Year = {2017},
}

@book{KochenderferWheeler2019,
    title = {Algorithms for Optimization},
    author = {Kochenderfer, M. J. and Wheeler, T. A.},
    year = {2019},
    publisher = {MIT Press}
}

@book{ForsythPonce2011,
    title = {Computer Vision: A Modern Approach},
    author = {Forsyth, D. A. and Ponce, J.},
    year = {2011},
    publisher = {Prentice Hall}
}

@book{GoodfellowBengioEtAl2016,
    title = {Deep Learning},
    author = {Goodfellow, I. and Bengio, Y. and Courville, A.},
    publisher = {MIT Press},
    note = {\url{http://www.deeplearningbook.org}},
    year = {2016}
}

@article{LecunBottouEtAl1998,
    author = {{LeCun}, Y. and {Bottou}, L. and {Bengio}, Y. and {Haffner}, P.},
    journal = {Proceedings of the IEEE}, 
    title = {Gradient-based learning applied to document recognition}, 
    year = {1998},
    volume = {86},
    number = {11},
    pages = {2278-2324},
}

@inproceedings{ZeilerFergus2014,
    author = {Zeiler, M. D. and Fergus, R.},
    title = {Visualizing and Understanding Convolutional Networks},
    booktitle = {European Conference on Computer Vision (ECCV)},
    year = {2014},
    publisher = {Springer},
    pages = {818--833},
}

@article{RenHeEtAl2017,
    author = {{Ren}, S. and {He}, K. and {Girshick}, R. and {Sun}, J.},
    journal = {IEEE Transactions on Pattern Analysis and Machine Intelligence}, 
    title = {{Faster R-CNN}: Towards Real-Time Object Detection with Region Proposal Networks}, 
    year = {2017},
    volume = {39},
    number = {6},
    pages = {1137-1149},
}

@inbook{PrattichizzoTrinkle2016,
    author = {Prattichizzo, D. and Trinkle, J. C.},
    title = {Grasping},
    booktitle = {Springer Handbook of Robotics},
    year = {2016},
    publisher = {Springer},
    pages = {955--988},
}

@inbook{PrattichizzoTrinkle2016b,
    author = {Prattichizzo, D. and Trinkle, J. C.},
    title = {Contact Modeling and Manipulation},
    booktitle = {Springer Handbook of Robotics},
    year = {2016},
    publisher = {Springer},
    pages = {931--954},
}

@article{BoydWegbreit2007,
    title = {Fast Computation of Optimal Contact Forces},
    author = {Boyd, S. and Wegbreit, B.},
    journal = {IEEE Transactions on Robotics},
    volume = {23},
    number = {6},
    pages = {1117--1132},
    year = {2007},
}

@article{BohgMoralesEtAl2014,
    title = {Data-Driven Grasp Synthesis—A Survey},
    author = {Bohg, J. and Morales, A. and Asfour, T. and Kragic, D.},
    journal = {IEEE Transactions on Robotics},
    volume = {30},
    number = {2},
    pages = {289--309},
    year = {2014},
}

@article{SaxenaDriemeyerEtAl2008,
    author = {Saxena, A. and Driemeyer, J. and Ng, A.},
    title ={Robotic Grasping of Novel Objects using Vision},
    journal = {The International Journal of Robotics Research},
    volume = {27},
    number = {2},
    pages = {157-173},
    year = {2008},
}

@inproceedings{MahlerPokornyEtAl2016,
    author = {Mahler, J. and Pokorny, F. and Hou, B. and Roderick, M. and Laskey, M. and Aubry, M. and Kohlhoff, K. and Kr\"{o}ger, T. and Kuffner, J. and Goldberg, K.},
    title = {{Dex-Net 1.0:} A cloud-based network of 3D objects for robust grasp planning using a Multi-Armed Bandit model with correlated rewards},
    booktitle = {IEEE International Conference on Robotics and Automation (ICRA)},
    year = {2016},
    pages = {1957--1964},
}

@article{LevinePastorEtAl2018,
    author = {Levine, S. and Pastor, P. and Krizhevsky, A. and Ibarz, J. and Quillen, D.},
    title ={Learning hand-eye coordination for robotic grasping with deep learning and large-scale data collection},
    journal = {The International Journal of Robotics Research},
    volume = {37},
    number = {4-5},
    pages = {421-436},
    year = {2018},
}

@inproceedings{YuBauzaEtAl2016,
    title = {More than a million ways to be pushed. A high-fidelity experimental dataset of planar pushing},
    author = {Yu, K. and Bauza, M. and Fazeli, N. and Rodriguez, A.},
    booktitle = {IEEE/RSJ International Conference on Intelligent Robots and Systems (IROS)},
    pages = {30--37},
    year = {2016},
}

@inbook{KaoLynchBurdick2016,
    author = {Kao, I. and Lynch, K. and Burdick, J.},
    title = {Contact Modeling and Manipulation},
    booktitle = {Springer Handbook of Robotics},
    year = {2016},
    publisher = {Springer},
    pages = {931--951},
}

@article{KlossSchaalEtAl2020,
    author = {Kloss, A. and Schaal, S. and Bohg, J.},
    title ={Combining learned and analytical models for predicting action effects from sensory data},
    journal = {The International Journal of Robotics Research},
    year = {2020},
}

@inproceedings{LeeZhuEtAl2019,
    title = {Making Sense of Vision and Touch: Self-Supervised Learning of Multimodal Representations for Contact-Rich Tasks},
    author = {Lee, M. and Zhu, Y. and Srinivasan, K. and Shah, P. and Savarese, S. and Fei-Fei, L. and Garg, A. and Bohg, J.},
    booktitle = {International Conference on Robotics and Automation (ICRA)},
    pages = {8943--8950},
    year = {2019},
}

@inproceedings{RossGordonEtAl2011,
    title = {A Reduction of Imitation Learning and Structured Prediction to No-Regret Online Learning},
    author = {Ross, S. and Gordon, G. and Bagnell, D.},
    booktitle = {Proceedings of the Fourteenth International Conference on Artificial Intelligence and Statistics},
    pages = {627--635},
    year = {2011},
}

@inproceedings{AbbeelNg2004,
    title = {Apprenticeship Learning via Inverse Reinforcement Learning},
    author = {Abbeel, P. and Ng, A.},
    booktitle = {Proceedings of the Twenty-First International Conference on Machine Learning},
    year = {2004},
}

@inproceedings{RatliffBagnellEtAl2006,
    title = {Maximum Margin Planning},
    author = {Ratliff, N. and Bagnell, J. A. and Zinkevich, M.},
    booktitle = {Proceedings of the 23rd International Conference on Machine Learning},
    year = {2006},
    pages = {729--736},
}

@inproceedings{NgRussell2000,
    title = {Algorithms for Inverse Reinforcement Learning},
    author = {Ng, A. and Russell, S.},
    booktitle = {Proceedings of the Seventeenth International Conference on Machine Learning},
    year = {2000},
    pages = {663--670},
}

@inproceedings{ZiebartMaasEtAl2008,
    title = {Maximum Entropy Inverse Reinforcement Learning},
    author = {Ziebart, B. D. and Maas, A. and Bagnell, J. A. and Dey, A. K.},
    booktitle = {Proceedings of the Twenty-Third AAAI Conference on Artificial Intelligence},
    year = {2008},
    pages = {1433--1438},
}

@inproceedings{BasuYangEtAl2017,
    title = {Do You Want Your Autonomous Car to Drive Like You?},
    author = {Basu, C. and Yang, Q. and Hungerman,D. and Sinahal, M. and Dragan, A.},
    booktitle = {12th ACM/IEEE International Conference on Human-Robot Interaction},
    year = {2017},
    pages = {417--425},
}

@inproceedings{SadighDraganEtAl2017,
    title = {Active Preference-Based Learning of Reward Functions},
    author = {Sadigh, D. and Dragan, A. and Sastry, S. and Seshia, S. A.},
    booktitle = {Robotics: Science and System},
    year = {2017},
}

@inproceedings{BajcsyLoseyEtAl2017,
    title = {Learning Robot Objectives from Physical Human Interaction},
    author = {Bajcsy, A. and Losey, D. P. and O'Malley, M. K. and Dragan, A. D.},
    booktitle = {Proceedings of the 1st Annual Conference on Robot Learning},
    year = {2017},
    pages = {217--226},
}

@article{SadighLandolfiEtAl2018,
    author = {Sadigh, D. and Landolfi, N. and Sastry, S. S. and Seshia, S. A. and Dragan, A. D.},
    title ={Planning for cars that coordinate with people: leveraging effects on human actions for planning and active information gathering over human internal state},
    journal = {Autonomous Robots},
    year = {2018},
    volume = {42},
    number = {7},
    pages = {1405--1426},
}

@article{Brooks1986,
    author = {Brooks, R.},
    title ={A robust layered control system for a mobile robot},
    journal = {IEEE Journal on Robotics and Automation},
    year = {1986},
    volume = {2},
    number = {1},
    pages = {14--23},
}

@inbook{KortenkampSimmonsEtAl2008,
    author = {Kortenkamp, D. and Simmons, R. and Brugali, D.},
    title = {Robotic Systems Architectures and Programming},
    booktitle = {Springer Handbook of Robotics},
    year = {2008},
    publisher = {Springer},
    pages = {283--302},
}

@article{Kress-GazitLahijanianEtAl2018,
    author = {Kress-Gazit, H. and Lahijanian, M. and Raman, V.},
    title ={Synthesis for Robots: Guarantees and Feedback for Robot Behavior},
    journal = {Annual Review of Control, Robotics, and Autonomous Systems},
    year = {2018},
    volume = {1},
    number = {1},
    pages = {211--236},
}

@inproceedings{KwiatkowskaNormanEtAl2011,
    title = {{PRISM} 4.0: Verification of Probabilistic Real-time Systems},
    author = {Kwiatkowska, M. and Normal, G. and Parker, D.},
    booktitle = {Proceedings of the 23rd International Conference on Computer Aided Verification},
    year = {2011},
    pages = {585--591},
}

@inproceedings{KatzHuangEtAl2019,
    title = {The Marabou Framework for Verification and Analysis of Deep Neural Networks},
    author = {Katz, G. and Huang, D. A. and Ibeling, D. and Julian, K. and Lazarus, C. and Lim, R. and Shah, P. and Thakoor, S. and Wu, H. and Zelji{\'{c}}, A. and Dill, D. L. and Kochenderfer, M. J. and Barrett, C.},
    booktitle = {Computer Aided Verification},
    year = {2019},
    pages = {443--452},
}

@book{ClarkeGrumbergEtAl2018,
    Author = {Clarke, E. M. and Grumberg, O. and Kroening, D. and Peled, D. and Veith, H.},
    Title = {Model Checking},
    Publisher = {MIT Press},
    Year = {2018},
    Edition = {2},
}

